{
  "leader": "03251cam a2200457 i 4500",
  "fields": [
    {
      "001": "ocm00466900\\"
    },
    {
      "003": "OCoLC"
    },
    {
      "005": "20220104142313.0"
    },
    {
      "008": "721019t19191919nyucfh\\\\\\\\\\\\\\\\001\\0beng\\\\"
    },
    {
      "010": {
        "ind1": "\\",
        "ind2": "\\",
        "subfields": [
          {
            "a": "   19015513 "
          }
        ]
      }
    },
    {
      "040": {
        "ind1": "\\",
        "ind2": "\\",
        "subfields": [
          {
            "a": "DLC"
          },
          {
            "b": "eng"
          },
          {
            "c": "DLC"
          },
          {
            "d": "WSU"
          },
          {
            "d": "OCLCG"
          },
          {
            "d": "AU@"
          },
          {
            "d": "KRTAS"
          },
          {
            "d": "AMAZN"
          },
          {
            "d": "TULIB"
          },
          {
            "d": "OCLCQ"
          },
          {
            "d": "OCLCF"
          },
          {
            "d": "OCLCO"
          },
          {
            "d": "OCLCQ"
          },
          {
            "d": "RPY"
          },
          {
            "d": "OCLCA"
          },
          {
            "d": "OCLCQ"
          },
          {
            "d": "CNUTO"
          },
          {
            "d": "OCLCQ"
          },
          {
            "d": "CPO"
          },
          {
            "d": "SNN"
          },
          {
            "d": "OCLCQ"
          },
          {
            "d": "NJR"
          },
          {
            "d": "OCLCO"
          },
          {
            "d": "OCLCA"
          },
          {
            "d": "OCLCQ"
          },
          {
            "d": "OCLCO"
          },
          {
            "d": "OCL"
          },
          {
            "d": "UAB"
          },
          {
            "d": "IL4J6"
          },
          {
            "d": "ZIH"
          },
          {
            "d": "ICG"
          }
        ]
      }
    },
    {
      "019": {
        "ind1": "\\",
        "ind2": "\\",
        "subfields": [
          {
            "a": "1523368"
          },
          {
            "a": "222002377"
          },
          {
            "a": "824709539"
          },
          {
            "a": "962543739"
          },
          {
            "a": "976864657"
          },
          {
            "a": "976880566"
          },
          {
            "a": "990147345"
          },
          {
            "a": "1004476877"
          },
          {
            "a": "1132904413"
          },
          {
            "a": "1167057524"
          },
          {
            "a": "1175983840"
          },
          {
            "a": "1196399200"
          },
          {
            "a": "1201888957"
          },
          {
            "a": "1265075692"
          }
        ]
      }
    },
    {
      "035": {
        "ind1": "\\",
        "ind2": "\\",
        "subfields": [
          {
            "a": "(OCoLC)466900"
          },
          {
            "z": "(OCoLC)1523368"
          },
          {
            "z": "(OCoLC)222002377"
          },
          {
            "z": "(OCoLC)824709539"
          },
          {
            "z": "(OCoLC)962543739"
          },
          {
            "z": "(OCoLC)976864657"
          },
          {
            "z": "(OCoLC)976880566"
          },
          {
            "z": "(OCoLC)990147345"
          },
          {
            "z": "(OCoLC)1004476877"
          },
          {
            "z": "(OCoLC)1132904413"
          },
          {
            "z": "(OCoLC)1167057524"
          },
          {
            "z": "(OCoLC)1175983840"
          },
          {
            "z": "(OCoLC)1196399200"
          },
          {
            "z": "(OCoLC)1201888957"
          },
          {
            "z": "(OCoLC)1265075692"
          }
        ]
      }
    },
    {
      "042": {
        "ind1": "\\",
        "ind2": "\\",
        "subfields": [
          {
            "a": "premarc"
          }
        ]
      }
    },
    {
      "050": {
        "ind1": "0",
        "ind2": "0",
        "subfields": [
          {
            "a": "E757"
          },
          {
            "b": ".T37"
          }
        ]
      }
    },
    {
      "082": {
        "ind1": "0",
        "ind2": "4",
        "subfields": [
          {
            "a": "973.911092"
          },
          {
            "b": "THA"
          }
        ]
      }
    },
    {
      "100": {
        "ind1": "1",
        "ind2": "\\",
        "subfields": [
          {
            "a": "Thayer, William Roscoe,"
          },
          {
            "d": "1859-1923,"
          },
          {
            "e": "author."
          }
        ]
      }
    },
    {
      "245": {
        "ind1": "1",
        "ind2": "0",
        "subfields": [
          {
            "a": "Theodore Roosevelt :"
          },
          {
            "b": "an intimate biography /"
          },
          {
            "c": "by William Roscoe Thayer."
          }
        ]
      }
    },
    {
      "264": {
        "ind1": "\\",
        "ind2": "1",
        "subfields": [
          {
            "a": "New York :"
          },
          {
            "b": "Grosset & Dunlap,"
          },
          {
            "c": "[1919]"
          }
        ]
      }
    },
    {
      "264": {
        "ind1": "\\",
        "ind2": "4",
        "subfields": [
          {
            "c": "\u00a91919"
          }
        ]
      }
    },
    {
      "300": {
        "ind1": "\\",
        "ind2": "\\",
        "subfields": [
          {
            "a": "xiii, 474 pages :"
          },
          {
            "b": "frontispiece, plates, portraits, facsimile ;"
          },
          {
            "c": "23 cm"
          }
        ]
      }
    },
    {
      "336": {
        "ind1": "\\",
        "ind2": "\\",
        "subfields": [
          {
            "a": "text"
          },
          {
            "b": "txt"
          },
          {
            "2": "rdacontent"
          }
        ]
      }
    },
    {
      "337": {
        "ind1": "\\",
        "ind2": "\\",
        "subfields": [
          {
            "a": "unmediated"
          },
          {
            "b": "n"
          },
          {
            "2": "rdamedia"
          }
        ]
      }
    },
    {
      "338": {
        "ind1": "\\",
        "ind2": "\\",
        "subfields": [
          {
            "a": "volume"
          },
          {
            "b": "nc"
          },
          {
            "2": "rdacarrier"
          }
        ]
      }
    },
    {
      "500": {
        "ind1": "\\",
        "ind2": "\\",
        "subfields": [
          {
            "a": "\"Published by arrangement with Houghton Mifflin Company\" --Title page."
          }
        ]
      }
    },
    {
      "500": {
        "ind1": "\\",
        "ind2": "\\",
        "subfields": [
          {
            "a": "Includes index."
          }
        ]
      }
    },
    {
      "530": {
        "ind1": "\\",
        "ind2": "\\",
        "subfields": [
          {
            "a": "Also available in digital form on the Internet Archive Web site."
          }
        ]
      }
    },
    {
      "583": {
        "ind1": "1",
        "ind2": "\\",
        "subfields": [
          {
            "a": "committed to retain"
          },
          {
            "c": "20170930"
          },
          {
            "d": "20421231"
          },
          {
            "f": "HathiTrust"
          },
          {
            "u": "https://www.hathitrust.org/shared_print_program"
          },
          {
            "5": "AEU"
          },
          {
            "z": "HathiTrust Shared Print commitment 2017"
          }
        ]
      }
    },
    {
      "505": {
        "ind1": "0",
        "ind2": "0",
        "subfields": [
          {
            "t": "Origins and youth --"
          },
          {
            "t": "Breaking into politics --"
          },
          {
            "t": "At the first crossroads --"
          },
          {
            "t": "Nature the healer --"
          },
          {
            "t": "Back to the East and literature --"
          },
          {
            "t": "Applying morals to politics --"
          },
          {
            "t": "The Rough rider --"
          },
          {
            "t": "Governor of New York - Vice-president --"
          },
          {
            "t": "President --"
          },
          {
            "t": "The world which Roosevelt confronted --"
          },
          {
            "t": "Roosevelt's foreign policy --"
          },
          {
            "t": "The great crusade at home --"
          },
          {
            "t": "The two Roosevelts --"
          },
          {
            "t": "The President and the Kaiser --"
          },
          {
            "t": "Roosevelt and Congress --"
          },
          {
            "t": "The square deal in action --"
          },
          {
            "t": "Roosevelt at home --"
          },
          {
            "t": "Hits and misses --"
          },
          {
            "t": "Choosing his successor --"
          },
          {
            "t": "World honors --"
          },
          {
            "t": "Which was the Republican party? --"
          },
          {
            "t": "The two conventions --"
          },
          {
            "t": "The Brazilian ordeal --"
          },
          {
            "t": "Prometheus bound --"
          },
          {
            "t": "Prometheus unbound."
          }
        ]
      }
    },
    {
      "600": {
        "ind1": "1",
        "ind2": "0",
        "subfields": [
          {
            "a": "Roosevelt, Theodore,"
          },
          {
            "d": "1858-1919."
          }
        ]
      }
    },
    {
      "650": {
        "ind1": "\\",
        "ind2": "0",
        "subfields": [
          {
            "a": "Presidents"
          },
          {
            "z": "United States."
          }
        ]
      }
    },
    {
      "600": {
        "ind1": "1",
        "ind2": "7",
        "subfields": [
          {
            "a": "Roosevelt, Theodore,"
          },
          {
            "d": "1858-1919."
          },
          {
            "2": "fast"
          },
          {
            "0": "(OCoLC)fst00032496"
          }
        ]
      }
    },
    {
      "655": {
        "ind1": "\\",
        "ind2": "7",
        "subfields": [
          {
            "a": "Biographies."
          },
          {
            "2": "fast"
          },
          {
            "0": "(OCoLC)fst01919896"
          }
        ]
      }
    },
    {
      "655": {
        "ind1": "\\",
        "ind2": "7",
        "subfields": [
          {
            "a": "Biographies."
          },
          {
            "2": "lcgft"
          }
        ]
      }
    },
    {
      "776": {
        "ind1": "0",
        "ind2": "8",
        "subfields": [
          {
            "i": "Online version:"
          },
          {
            "a": "Thayer, William Roscoe, 1859-1923."
          },
          {
            "t": "Theodore Roosevelt."
          },
          {
            "d": "Boston, New York, Houghton Mifflin Company, 1919"
          },
          {
            "w": "(OCoLC)564429968"
          }
        ]
      }
    },
    {
      "776": {
        "ind1": "0",
        "ind2": "8",
        "subfields": [
          {
            "i": "Online version:"
          },
          {
            "a": "Thayer, William Roscoe, 1859-1923."
          },
          {
            "t": "Theodore Roosevelt."
          },
          {
            "d": "Boston, New York, Houghton Mifflin Company, 1919"
          },
          {
            "w": "(OCoLC)594302275"
          }
        ]
      }
    },
    {
      "856": {
        "ind1": "4",
        "ind2": "1",
        "subfields": [
          {
            "u": "http://hdl.loc.gov/loc.gdc/scd0001.0001726834A"
          }
        ]
      }
    },
    {
      "856": {
        "ind1": "4",
        "ind2": "1",
        "subfields": [
          {
            "u": "http://link.library.utoronto.ca/eir/EIRdetail.cfm?Resources__ID=507417&T=F"
          }
        ]
      }
    },
    {
      "994": {
        "ind1": "\\",
        "ind2": "\\",
        "subfields": [
          {
            "a": "Z0"
          },
          {
            "b": "NYRVC"
          }
        ]
      }
    },
    {
      "948": {
        "ind1": "\\",
        "ind2": "\\",
        "subfields": [
          {
            "h": "NO HOLDINGS IN NYRVC - 826 OTHER HOLDINGS"
          }
        ]
      }
    },
    {
      "999": {
        "ind1": "\\",
        "ind2": "\\",
        "subfields": [
          {
            "a": "00000000014394"
          }
        ]
      }
    }
  ]
}